@article{abc12,
	Author = {Max Mustermann},
	Date-Added = {2012-11-14 15:48:16 +0000},
	Date-Modified = {2012-11-14 15:48:47 +0000},
	Journal = {Journal XY},
	Title = {A Paper With A Title},
	Year = {2012}
}

@article{lantern,
    Author = {Fei Wang and Daniel Zheng and James Decker and Xilun Wu and Grégory M. Essertel and Tiark Rompf},
    Title = {Demystifying Differentiable Programming: Shift/Reset the Penultimate Backpropagator}, 
    Year = {2019}
}

@article{chad,
    Author = {Matthijs Vákár and Tom Smeding},
    Title = {CHAD: Combinatory Homomorphic Automatic Differentiation}, 
    Year = {2021}
}

@article{microsoft,
  	Author = {Faustyna Krawiec and Neel Krishnaswami and Simon Peyton Jones and Tom Ellis and Andrew Fitzgibbon and Richard Eisen-berg},
  	Title = {Provably Correct, Asymptotically Efficient, Higher-Order Reverse-Mode Automatic Differentiation},
  	Year = {2018}
}

@online{tudapub,
	title={TUDaPub – \LaTeX-Paper im Corporate Design der TU Darmstadt},
	author={Marei Peischl},
	date={2020-10-05},
	url={http://mirrors.ctan.org/macros/latex/contrib/tuda-ci/doc/DEMO-TUDaPub.pdf},
	urldate={2020-10-05}
}

@online{maScala3,
    title={Scala 3 Language Guide: Macros},
    url={https://docs.scala-lang.org/scala3/guides/macros/macros.html},
    urldate={2021-03-08}
}

@online{matchTypesScala3,
	title={Scala 3 Language Reference: Match Types},
	url={https://docs.scala-lang.org/scala3/reference/new-types/match-types.html},
	urldate={2021-10-03}
}

@online{givensScala3,
	title={Scala 3 Language Reference: Givens},
	url={https://docs.scala-lang.org/scala3/reference/contextual/givens.html},
	urldate={2021-10-03}
}

@online{conversionsScala3,
	title={Scala 3 Language Reference: Conversions},
	url={https://docs.scala-lang.org/scala3/reference/contextual/conversions.html},
	urldate={2021-10-03}
}